@Book{Cyfrowe_przetwarzanie_sygnalow,
author = {Tomasz P. Zieliński},
title = {Cyfrowe przetwarzanie sygnałów Od teorii do zastosowań},
publisher = {Wydawnictwa Komunikacji i Łączności Warszawa},
year = {2005},
ISBN = {83-206-15968}
}

@Book{Przewodnik_po_pythonie,
author = {Kenneths Reitz and Tanya schulsser},
title = {Przewodnik po Pythonie},
publisher = {Helion},
year = {2018},
ISBN = {978-83-283-3732-9}
}

@Book {Wprowadzenie_python,
author = {Mark Lutz},
title = {Wprowadzenie Python},
publisher = {Helion},
year = {2011},
ISBN = {9780596158064}
}

@Book{Czysty_kod,
author = {Robert C. Martin},
title = {Czysty Kod Podręcznik dobrego programisty},
publisher = {Helion},
year = {2014},
ISBN = {978-83-253-0234-1}
}

@Book{Principles_of_digital_audio,
author = {Ken C. Pohlmann},
title = {Principles of Digital Audio},
edition = {fourth},
year = {2000},
ISBN = {0-07-134819-0}
}
@misc{Python_data_structures,
author = {{Python Software Foundation}},
title = {Python 3.7.1 documentation, data structures},
OPTsubtitle = {data_structure},
year = {2018},
howpublished = {\url{http://web.archive.org/web/20080207010024/http://www.808multimedia.com/winnt/kernel.htm}},
note = {Accessed: 2010-09-30}
}

@Manual{AES17,
title = {AES17-2015, AES standard method for
digital audio engineering —
Measurement of
digital audio equipment },
year = {2018},
author = {{Audio Engineering Society, Inc}},
}

@Manual{PN-ISO-1996-1:2006,
author = {{PN-ISO-1996-1:2006}},
title = {{PN-ISO-1996-1:2006}},
}

@Manual{PN-ISO-9612:2014,
author = {{PN-ISO-9612:2014}},
title = {{PN-ISO-9612:2014}},
}